

%%%%%%%%%%%%%%%%%%%%%%%%%%%%%%%
%%%    Resultados
%%%%%%%%%%%%%%%%%%%%%%%%%%%%%%%
@misc{CMUMCD,
author = {CMUMCD},
title = {Carnegie Mellon University Motion Capture Database.},
howpublished ={\url{http://mocap.cs.cmu.edu/}},
note = {Consulta: Enero 2018},
}

%%%%%%%%%%%%%%%%%%%%%%%%%%%%%%%
%%%    MODELOS
%%%%%%%%%%%%%%%%%%%%%%%%%%%%%%%

@misc{VoxelMan,
author = {Voxel-Man},
title = {Segmented Inner Organs (SIO) Group.},
howpublished ={\url{https://www.voxel-man.com/segmented-inner-organs-of-the-visible-human/}},
note = {Consulta: Enero 2018},
}


@article{VM2002,
author = {Tiede, U and Pommert, Andreas and Pflesser, Bernhard and Richter, E and Riemer, Martin and Schiemann, T and Schubert, R and Schumacher, Udo and HÃ¶hne, Karl Heinz},
year = {2002},
month = {09},
pages = {212-212},
title = {A high-resolution model of the inner organs based on the visible human data set},
volume = {5},
booktitle = {Journal of Visualization}
}

@article{kelc2012zygote,
  title={Zygote body: A new interactive 3-dimensional didactical tool for teaching anatomy},
  author={Kelc, Robi},
  year={2012},
  journal = {WebmedCentral}
}

@misc{Anatomium,
author = {Anatomium},
title = {21ST Century Solutions Ltd.},
howpublished ={\url{http://www.anatomium.com/}},
note = {Consulta: Enero 2018}
}